@online{StatistischesBundesamt2021,
    title = {{Verzeichnis der Krankenhäuser und Vorsorge- oder Rehabilitationseinrichtungen in Deutschland 2021}}, 
    author = {{Statistisches Bundesamt (Destatis)}},
    year = {2021},
    url = {https://www.destatis.de/DE/Themen/Gesellschaft-Umwelt/Gesundheit/Krankenhaeuser/Publikationen/Downloads-Krankenhaeuser/krankenhausverzeichnis-3500100217005.html},
    addendum = {"(accessed: 2024-02-17)"}
}

@article{tiemann2009effects,
  title={Effects of ownership on hospital efficiency in Germany},
  author={Tiemann, Oliver and Schrey{\"o}gg, Jonas},
  journal={Business Research},
  volume={2},
  pages={115--145},
  year={2009},
  publisher={Springer}
}

@inproceedings{han2021impact,
  title={The impact of public reporting schemes and market competition on hospital efficiency},
  author={Han, Ahreum and Lee, Keon-Hyung},
  booktitle={Healthcare},
  volume={9},
  number={8},
  pages={1031},
  year={2021},
  organization={MDPI}
}

@article{lindlbauer2014relationship,
  title={The relationship between hospital specialization and hospital efficiency: do different measures of specialization lead to different results?},
  author={Lindlbauer, Ivonne and Schrey{\"o}gg, Jonas},
  journal={Health care management science},
  volume={17},
  pages={365--378},
  year={2014},
  publisher={Springer}
}

@article{strumann2022can,
  title={Can competition improve hospital quality of care? A difference-in-differences approach to evaluate the effect of increasing quality transparency on hospital quality},
  author={Strumann, Christoph and Geissler, Alexander and Busse, Reinhard and Pross, Christoph},
  journal={The European Journal of Health Economics},
  volume={23},
  number={7},
  pages={1229--1242},
  year={2022},
  publisher={Springer}
}

@article{Mockup,
    title={Picture of mockup},
    author={Eftychia Kourkouraki},
    year={2023}
}

@article{ScreenshotHTB,
  title = {Screenshot of Hospital Transparency Board},
  author = {Hendrik Lüning},
  year = {2024}
}

@article{Architecture,
  title = {Architecture Diagram of Hospital Transparency Board},
  author = {Maximilian Elfers},
  year = {2024}
}